@article{gelman2013philosophy,
  title={Philosophy and the practice of Bayesian statistics},
  author={Gelman, Andrew and Shalizi, Cosma Rohilla},
  journal={British Journal of Mathematical and Statistical Psychology},
  volume={66},
  number={1},
  pages={8--38},
  year={2013},
  publisher={Wiley Online Library}
}

@book{gelman2014bayesian,
  title={Bayesian data analysis},
  author={Gelman, Andrew and Carlin, John B and Stern, Hal S and Dunson, David B and Vehtari, Aki and Rubin, Donald B},
  volume={2},
  year={2014},
  publisher={CRC press Boca Raton, FL}
}

@article{welling2005fisher,
  title={Fisher linear discriminant analysis},
  author={Welling, Max},
  journal={Department of Computer Science, University of Toronto},
  volume={3},
  number={1},
  year={2005}
}

@article{fisher1938statistical,
  title={The statistical utilization of multiple measurements},
  author={Fisher, Ronald A},
  journal={Annals of Human Genetics},
  volume={8},
  number={4},
  pages={376--386},
  year={1938},
  publisher={Wiley Online Library}
}

@article{martinez2001pca,
  title={Pca versus lda},
  author={Mart{\'\i}nez, Aleix M and Kak, Avinash C},
  journal={IEEE transactions on pattern analysis and machine intelligence},
  volume={23},
  number={2},
  pages={228--233},
  year={2001},
  publisher={IEEE}
}

@inproceedings{turk1991face,
  title={Face recognition using eigenfaces},
  author={Turk, Matthew A and Pentland, Alex P},
  booktitle={Computer Vision and Pattern Recognition, 1991. Proceedings CVPR'91., IEEE Computer Society Conference on},
  pages={586--591},
  year={1991},
  organization={IEEE}
}

@article{belhumeur1997eigenfaces,
  title={Eigenfaces vs. fisherfaces: Recognition using class specific linear projection},
  author={Belhumeur, Peter N. and Hespanha, Jo{\~a}o P and Kriegman, David J.},
  journal={IEEE Transactions on pattern analysis and machine intelligence},
  volume={19},
  number={7},
  pages={711--720},
  year={1997},
  publisher={IEEE}
}

@article{petersen2008matrix,
  title={The matrix cookbook},
  author={Petersen, Kaare Brandt and Pedersen, Michael Syskind and others},
  journal={Technical University of Denmark},
  volume={7},
  pages={15},
  year={2008}
}
